@article{C,
  title={含参数微分方程的周期解与极限环},
  author={陈翔炎},
  journal={数学学报},
  volume={13},
  number={4},
  pages={607-619},
  year={1963},
}

@Comment 非双曲奇异吸引子
@phdthesis{Cy1,
  title={关于非双曲奇怪吸引子},
  author={曹永罗},
  school={北京大学},
  year={1994},
}

@article{CM,
  title={广义Lienard方程的奇点的中心焦点判定问题},
  author={蔡燧林 and 马晖},
  journal={浙江大学学报(工学版)},
  volume={25},
  number={5},
  pages={562-569},
  year={1991},
}

@article{Cs,
  title={二次系统研究近况},
  author={蔡燧林},
  journal={数学进展},
  volume={018},
  number={001},
  pages={5-21},
  year={1989},
}

@Comment 二次微分系统
@article{CW，
  title={二次系统极限环的相对位置与个数},
  author={陈兰荪 and 王明淑},
  journal={数学学报},
  volume={22},
  number={6},
  pages={751-758},
  year={1979},
}

@Comment -y=dx
@article{CY,
  title={方程组dx/dt=-y+δx+lx~2+xy+ny~2,dy/dt=x的极限环的唯一性},
  author={叶彦谦 and 陈兰荪},
  journal={数学学报},
  number={03},
  pages={73-76},
  year={1975},
}


@Comment 蔡燧林, 张平光. 二次系统极限环的唯一性[J]. 高校应用数学学报:A辑, 1991(3期):450-461.

@book{DL,
  title={常微分方程教程(第2版)},
  author={丁同仁 李承治},
  publisher={高等教育出版社},
  year={2004},
}

@article{DZ,
  title={计算焦点量的一类递推式},
  author={杜乃林 and 曾宪武},
  journal={科学通报},
  volume={39},
  number={19},
  pages={1742-1744},
  year={1994},
}


@article{F,
  title={临界情况下奇环的稳定性},
  author={冯贝叶},
  journal={数学学报},
  volume={033},
  number={1},
  pages={113-134},
  year={1990},
}

@Comment 高维新 解析理论讲义

@article{罗定军1992奇闭轨分支出极限环的唯一性,
  title={奇闭轨分支出极限环的唯一性(Ⅰ)},
  author={罗定军 and 韩茂安 and 朱德明},
  journal={数学学报},
  number={03},
  pages={121-131},
  year={1992},
}

@article{韩茂安1992奇闭轨分支出极限环的唯一性,
  title={奇闭轨分支出极限环的唯一性(Ⅲ)},
  author={韩茂安 and 罗定军 and 朱德明},
  journal={数学学报},
  number={4},
  pages={99-110},
  year={1992},
}

@Comment 韩茂安, 罗定军. 奇闭轨分支出极限环的唯一性(Ⅲ)[J]. 数学学报, 1992(5).

@article{Hm,
  title={周期扰动系统不变环面与亚调和解的分支},
  author={韩茂安},
  journal={中国科学},
  year={1994},
}


@book{HZ,
  title={微分方程分支理论},
  author={韩茂安 and 朱德明},
  publisher={煤炭工业出版社},
  year={1994},
}

@Comment 廖山涛著, 王元. 微分动力系统的定性理论丛书．第24号[M]. 科学出版社, 1992.

@article{Lc,
  title={关于平面二次系统的两个问题},
  author={李承治},
  journal={中国科学:数学物理学天文学技术科学},
  number={12},
  pages={31-40},
  year={1982},
}


@Comment 黄其明, 李继彬. 平面三次微分系统的极限环复眼分枝(Ⅱ)[J]. 云南大学学报(自然科学版), 1985(01):13-23.

@article{LHZ,
  title={奇闭轨分支出极限环的唯一性(Ⅰ)},
  author={罗定军 and 韩茂安 and 朱德明},
  journal={数学学报},
  number={03},
  pages={121-131},
  year={1992},
}


@article{Lz
  title={多项式微分系统全局分析引论},
  author={梁肇军},
  journal={华中师范大学学报(自然科学版)},
  number={S2},
  year={1986},
}

@Comment 马知恩. 种群生态学的数学建模与研究[M]. 、、


@Comment 秦元勋. 微分方程所定义的积分曲线[M]. 科学出版社, 1959.4

@article{QL，
  title={微分方程公式的机器推导(Ⅲ)},
  author={秦元勳 and 刘尊全},
  journal={科学通报},
  number={07},
  pages={388-391},
  year={1981},
}


@article{Ss,
  title={二次系统(E_2)出现至少四个极限环的例子},
  author={史松龄},
  journal={中国科学},
  number={11},
  pages={15-20},
  year={1979},
}

@phdthesis{WI,
  title={多峰映射的动力学},
  author={王兰宇},
  school={北京大学},
  year={1996},
}

@article{X,
  title={一类余维3鞍点型平面向量场的分支},
  author={肖冬梅},
  journal={中国科学数学：中国科学},
  volume={36},
  number={3},
  pages={252-262},
  year={1993},
}

@Comment 叶彦谦. 极限环论-第2版[M]. 上海科学技术出版社, 1984.

@Comment 多项式微分方程定性理论 叶

@article{YY,
  title={方程(dx)/(dt)=-y+dx+lx~2+xy+ny~2,(dy)/(dt)=x的极限环的唯一性},
  author={杨信安 and 叶彦谦},
  journal={福州大学学报(自然科学版)},
  number={2},
  pages={122-127},
  year={1978},
}

@book{ZDHD,
  title={微分方程定性理论},
  author={张芷芬},
  publisher={科学出版社},
  year={1985},
}

@Comment 张恭庆. 临界点理论及其应用[M]. 7.

@book{Zj,
  title={常微分方程几何理论与分支问题},
  author={张锦炎},
  publisher={北京大学出版社},
  year={1981},
}

@book{ZQ,
  title={微分动力系统导引},
  author={张锦炎 and 钱敏},
  publisher={北京大学出版社},
  year={1991},
}


@Comment 梅慈基. 常微分方程:1917——1957四十年来的苏联数学[M]. 科学出版社, 1960.

@Comment 张筑生. 微分动力系统原理[M]. 科学出版社, 1987.